%% LaTeX2e file `mybib.bib'
%% generated by the `filecontents' environment
%% from source `"Indivisual Project Report (Khaled Hasan_1210265)"' on 2024/07/03.
%%
@misc{cite1,
  title = {Drag Coefficient},
  howpublished = {\url{https://en.wikipedia.org/wiki/Drag_coefficient}},
  note = {Accessed: 2010-09-30}
}
